<collection xmlns="http://www.loc.gov/MARC21/slim">
   <record>
      <leader>02771cam a22005177i 4500</leader>
      <controlfield tag="001">6805299</controlfield>
      <controlfield tag="003">OCoLC</controlfield>
      <controlfield tag="005">20160317103436.1</controlfield>
      <controlfield tag="006">m     o  d        </controlfield>
      <controlfield tag="007">cr cnu---unuuu</controlfield>
      <controlfield tag="008">150115s2015    ncu     ob    001 0 eng d</controlfield>
      <datafield ind1=" " ind2=" " tag="020">
         <subfield code="a">9781476619620</subfield>
         <subfield code="q">electronic bk.</subfield>
      </datafield>
      <datafield ind1=" " ind2=" " tag="020">
         <subfield code="a">147661962X</subfield>
         <subfield code="q">electronic bk.</subfield>
      </datafield>
      <datafield ind1=" " ind2=" " tag="020">
         <subfield code="z">9780786496310</subfield>
      </datafield>
      <datafield ind1=" " ind2=" " tag="020">
         <subfield code="z">0786496312</subfield>
      </datafield>
      <datafield ind1=" " ind2=" " tag="035">
         <subfield code="a">ocn900193867</subfield>
      </datafield>
      <datafield ind1=" " ind2=" " tag="037">
         <subfield code="a">939960</subfield>
         <subfield code="b">EBSCO</subfield>
      </datafield>
      <datafield ind1=" " ind2=" " tag="039">
         <subfield code="a">exclude</subfield>
      </datafield>
      <datafield ind1=" " ind2=" " tag="040">
         <subfield code="a">N$T</subfield>
         <subfield code="b">eng</subfield>
         <subfield code="e">rda</subfield>
         <subfield code="e">pn</subfield>
         <subfield code="c">N$T</subfield>
         <subfield code="d">EBLCP</subfield>
         <subfield code="d">YDXCP</subfield>
         <subfield code="d">N$T</subfield>
         <subfield code="d">CDX</subfield>
         <subfield code="d">E7B</subfield>
         <subfield code="d">OCLCF</subfield>
      </datafield>
      <datafield ind1=" " ind2="4" tag="050">
         <subfield code="a">PS3563.A7239</subfield>
         <subfield code="b">S5935 2015eb</subfield>
      </datafield>
      <datafield ind1=" " ind2="7" tag="072">
         <subfield code="a">LIT</subfield>
         <subfield code="x">004020</subfield>
         <subfield code="2">bisacsh</subfield>
      </datafield>
      <datafield ind1="0" ind2="4" tag="082">
         <subfield code="a">813/.54</subfield>
         <subfield code="2">23</subfield>
      </datafield>
      <datafield ind1=" " ind2=" " tag="090">
         <subfield code="a">Internet Access</subfield>
         <subfield code="b">AEGMCT</subfield>
      </datafield>
      <datafield ind1=" " ind2=" " tag="090">
         <subfield code="a">Internet Access</subfield>
         <subfield code="b">AEU</subfield>
      </datafield>
      <datafield ind1="0" ind2="0" tag="245">
         <subfield code="a">Mastering the Game of thrones :</subfield>
         <subfield code="b">essays on George R.R. Martin's A song of ice and fire /</subfield>
         <subfield code="c">edited by Jes Battis and Susan Johnston.</subfield>
      </datafield>
      <datafield ind1=" " ind2="1" tag="264">
         <subfield code="a">Jefferson, N.C. :</subfield>
         <subfield code="b">McFarland &amp; Company, Inc., Publishers,</subfield>
         <subfield code="c">2015.</subfield>
      </datafield>
      <datafield ind1=" " ind2=" " tag="300">
         <subfield code="a">1 online resource.</subfield>
      </datafield>
      <datafield ind1=" " ind2=" " tag="336">
         <subfield code="a">text</subfield>
         <subfield code="b">txt</subfield>
         <subfield code="2">rdacontent</subfield>
         <subfield code="0">http://id.loc.gov/vocabulary/contentTypes/txt</subfield>
      </datafield>
      <datafield ind1=" " ind2=" " tag="337">
         <subfield code="a">computer</subfield>
         <subfield code="b">c</subfield>
         <subfield code="2">rdamedia</subfield>
         <subfield code="0">http://id.loc.gov/vocabulary/mediaTypes/c</subfield>
      </datafield>
      <datafield ind1=" " ind2=" " tag="338">
         <subfield code="a">online resource</subfield>
         <subfield code="b">cr</subfield>
         <subfield code="2">rdacarrier</subfield>
         <subfield code="0">http://id.loc.gov/vocabulary/carriers/cr</subfield>
      </datafield>
      <datafield ind1=" " ind2=" " tag="504">
         <subfield code="a">Includes bibliographical references and index.</subfield>
      </datafield>
      <datafield ind1=" " ind2=" " tag="506">
         <subfield code="a">Access restricted to authorized users and institutions.</subfield>
      </datafield>
      <datafield ind1="0" ind2=" " tag="588">
         <subfield code="a">Print version record.</subfield>
      </datafield>
      <datafield ind1=" " ind2=" " tag="596">
         <subfield code="a">44 57</subfield>
      </datafield>
      <datafield ind1="1" ind2="0" tag="600">
         <subfield code="a">Martin, George R. R.</subfield>
         <subfield code="t">Song of ice and fire.</subfield>
         <subfield code="0">http://id.loc.gov/authorities/names/n95101054</subfield>
      </datafield>
      <datafield ind1="0" ind2="7" tag="630">
         <subfield code="a">Song of ice and fire (Martin, George R. R.)</subfield>
         <subfield code="2">fast</subfield>
         <subfield code="0">http://id.worldcat.org/fast/01917011</subfield>
      </datafield>
      <datafield ind1="1" ind2=" " tag="700">
         <subfield code="a">Battis, Jes,</subfield>
         <subfield code="d">1979-</subfield>
         <subfield code="e">editor.</subfield>
         <subfield code="0">http://id.loc.gov/authorities/names/n2005032394</subfield>
         <subfield code="0">http://viaf.org/viaf/16632376</subfield>
      </datafield>
      <datafield ind1="1" ind2=" " tag="700">
         <subfield code="a">Johnston, Susan,</subfield>
         <subfield code="d">1964-</subfield>
         <subfield code="e">editor.</subfield>
         <subfield code="0">http://id.loc.gov/authorities/names/no2001029838</subfield>
         <subfield code="0">http://viaf.org/viaf/32243243</subfield>
      </datafield>
      <datafield ind1="0" ind2=" " tag="730">
         <subfield code="a">Game of thrones (Television program)</subfield>
         <subfield code="0">http://id.loc.gov/authorities/names/no2011110818</subfield>
         <subfield code="0">http://viaf.org/viaf/256050409</subfield>
      </datafield>
      <datafield ind1=" " ind2=" " tag="758">
         <subfield code="0">http://worldcat.org/entity/work/id/348621807</subfield>
      </datafield>
      <datafield ind1="4" ind2="0" tag="856">
         <subfield code="3">MacEwan University Access</subfield>
         <subfield code="u">http://search.ebscohost.com/login.aspx?direct=true&amp;scope=site&amp;db=nlebk&amp;db=nlabk&amp;AN=939960</subfield>
         <subfield code="z">(Single User Access)</subfield>
         <subfield code="z">from EBSCO</subfield>
      </datafield>
      <datafield ind1="4" ind2="0" tag="856">
         <subfield code="3">University of Alberta Access</subfield>
         <subfield code="u">http://search.ebscohost.com/login.aspx?direct=true&amp;scope=site&amp;db=nlebk&amp;db=nlabk&amp;AN=939960</subfield>
         <subfield code="z">(Single User Access)</subfield>
      </datafield>
      <datafield ind1=" " ind2=" " tag="949">
         <subfield code="h">UAIN</subfield>
         <subfield code="m">GR_MAC_INT</subfield>
         <subfield code="z">EBSCOGMP</subfield>
         <subfield code="p">47.37</subfield>
      </datafield>
      <datafield ind1=" " ind2=" " tag="926">
         <subfield code="a">Internet Access</subfield>
         <subfield code="w">LC</subfield>
         <subfield code="c">1</subfield>
         <subfield code="i">6805299-1001</subfield>
         <subfield code="l">INTERNET</subfield>
         <subfield code="m">UAINTERNET</subfield>
         <subfield code="r">Y</subfield>
         <subfield code="s">Y</subfield>
         <subfield code="t">E-RESOURCE</subfield>
         <subfield code="u">2/17/2015</subfield>
         <subfield code="x">E-BOOK</subfield>
         <subfield code="z">PDAOWNED</subfield>
      </datafield>
      <datafield ind1=" " ind2=" " tag="926">
         <subfield code="a">Internet Access</subfield>
         <subfield code="w">LC</subfield>
         <subfield code="c">1</subfield>
         <subfield code="i">6805299-2001</subfield>
         <subfield code="l">INTERNET</subfield>
         <subfield code="m">GR_MAC_INT</subfield>
         <subfield code="p">$47.37</subfield>
         <subfield code="r">Y</subfield>
         <subfield code="s">Y</subfield>
         <subfield code="t">E-RESOURCE</subfield>
         <subfield code="u">3/17/2016</subfield>
         <subfield code="x">E-BOOK</subfield>
         <subfield code="z">EBSCOGMP</subfield>
      </datafield>
      <datafield ind1="0" ind2=" " tag="787">
         <subfield code="n">OCLC Work Id</subfield>
         <subfield code="o">http://worldcat.org/entity/work/id/348621807</subfield>
      </datafield>
   </record>
</collection>
